@book {AltmanKleiman-Grothendieck_duality_theory,
    AUTHOR = {Altman, Allen and Kleiman, Steven},
     TITLE = {Introduction to Grothendieck duality theory},
    SERIES = {Lecture Notes in Mathematics, Vol. 146},
 PUBLISHER = {Springer-Verlag, Berlin-New York},
      YEAR = {1970},
     PAGES = {ii+185},
   MRCLASS = {14.55},
  MRNUMBER = {0274461},
MRREVIEWER = {Y. Nakai},
}
@article {Ballard-Derived_categories_of_singular_schemes_and_reconstruction,
    AUTHOR = {Ballard, Matthew},
     TITLE = {Derived categories of sheaves on singular schemes with an
              application to reconstruction},
   JOURNAL = {Adv. Math.},
  FJOURNAL = {Advances in Mathematics},
    VOLUME = {227},
      YEAR = {2011},
    NUMBER = {2},
     PAGES = {895--919},
      ISSN = {0001-8708},
   MRCLASS = {14F05 (18E30)},
  MRNUMBER = {2793026},
MRREVIEWER = {Vivek Mohan Mallick},
       DOI = {10.1016/j.aim.2011.02.016},
       URL = {https://doi-org.proxyiub.uits.iu.edu/10.1016/j.aim.2011.02.016},
}
@article {Balmer-Spectrum_of_prime_ideals_in_tensor_categories,
    AUTHOR = {Balmer, Paul},
     TITLE = {The spectrum of prime ideals in tensor triangulated
              categories},
   JOURNAL = {J. Reine Angew. Math.},
  FJOURNAL = {Journal f\"{u}r die Reine und Angewandte Mathematik. [Crelle's Journal]},
    VOLUME = {588},
      YEAR = {2005},
     PAGES = {149--168},
      ISSN = {0075-4102},
   MRCLASS = {18E30 (55P99)},
  MRNUMBER = {2196732},
MRREVIEWER = {Amnon Neeman},
       DOI = {10.1515/crll.2005.2005.588.149},
       URL = {https://doi-org.proxyiub.uits.iu.edu/10.1515/crll.2005.2005.588.149},
}


@book {Bartocci-FM_in_geometry_and_physics,
    AUTHOR = {Bartocci, Claudio and Bruzzo, Ugo and Hern\'{a}ndez Ruip\'{e}rez,
              Daniel},
     TITLE = {Fourier-{M}ukai and {N}ahm transforms in geometry and
              mathematical physics},
    SERIES = {Progress in Mathematics},
    VOLUME = {276},
 PUBLISHER = {Birkh\"{a}user Boston, Inc., Boston, MA},
      YEAR = {2009},
     PAGES = {xvi+423},
      ISBN = {978-0-8176-3246-5},
   MRCLASS = {14F05 (14J28 18E30 53C26)},
  MRNUMBER = {2511017},
MRREVIEWER = {Bal\'{a}zs Szendr\H{o}i},
       DOI = {10.1007/b11801},
       URL = {https://doi.org/10.1007/b11801},
}
		
@article {Bernardara-FM_curves,
    AUTHOR = {Bernardara, Marcello},
     TITLE = {Fourier-{M}ukai transforms of curves and principal
              polarizations},
   JOURNAL = {C. R. Math. Acad. Sci. Paris},
  FJOURNAL = {Comptes Rendus Math\'{e}matique. Acad\'{e}mie des Sciences. Paris},
    VOLUME = {345},
      YEAR = {2007},
    NUMBER = {4},
     PAGES = {203--208},
      ISSN = {1631-073X},
   MRCLASS = {14H40 (14F05)},
  MRNUMBER = {2352920},
MRREVIEWER = {Ana Cristina L\'{o}pez-Mart\'{\i}n},
       DOI = {10.1016/j.crma.2007.07.006},
       URL = {https://doi.org/10.1016/j.crma.2007.07.006},
}
@article {BondalOrlov-Reconstruction_from_the_derived_category,
    AUTHOR = {Bondal, Alexei and Orlov, Dmitri},
     TITLE = {Reconstruction of a variety from the derived category and
              groups of autoequivalences},
   JOURNAL = {Compositio Math.},
  FJOURNAL = {Compositio Mathematica},
    VOLUME = {125},
      YEAR = {2001},
    NUMBER = {3},
     PAGES = {327--344},
      ISSN = {0010-437X},
   MRCLASS = {18E30 (14F05)},
  MRNUMBER = {1818984},
MRREVIEWER = {Richard P. Thomas},
       DOI = {10.1023/A:1002470302976},
       URL = {https://doi-org.proxyiub.uits.iu.edu/10.1023/A:1002470302976},
}
@article {BondalVandenBergh-Generators_and_representability,
    AUTHOR = {Bondal, A. and van den Bergh, M.},
     TITLE = {Generators and representability of functors in commutative and
              noncommutative geometry},
   JOURNAL = {Mosc. Math. J.},
  FJOURNAL = {Moscow Mathematical Journal},
    VOLUME = {3},
      YEAR = {2003},
    NUMBER = {1},
     PAGES = {1--36, 258},
      ISSN = {1609-3321},
   MRCLASS = {18E30 (14F05)},
  MRNUMBER = {1996800},
MRREVIEWER = {Ioannis Emmanouil},
       DOI = {10.17323/1609-4514-2003-3-1-1-36},
       URL = {https://doi-org.proxyiub.uits.iu.edu/10.17323/1609-4514-2003-3-1-1-36},
}
@book {BrunsHerzog-CM_rings,
    AUTHOR = {Bruns, Winfried and Herzog, J\"urgen},
     TITLE = {Cohen-Macaulay rings},
    SERIES = {Cambridge Studies in Advanced Mathematics},
    VOLUME = {39},
 PUBLISHER = {Cambridge University Press, Cambridge},
      YEAR = {1993},
     PAGES = {xii+403},
      ISBN = {0-521-41068-1},
   MRCLASS = {13H10 (13-02)},
  MRNUMBER = {1251956},
MRREVIEWER = {Matthew Miller},
}		
@article {BurbanKreussler-Derived_Cats_of_arithmetic_genus_one,
    AUTHOR = {Burban, Igor and Kreu\ss ler, Bernd},
     TITLE = {Derived categories of irreducible projective curves of
              arithmetic genus one},
   JOURNAL = {Compos. Math.},
  FJOURNAL = {Compositio Mathematica},
    VOLUME = {142},
      YEAR = {2006},
    NUMBER = {5},
     PAGES = {1231--1262},
      ISSN = {0010-437X},
   MRCLASS = {18E30 (14H52)},
  MRNUMBER = {2264663},
MRREVIEWER = {Paolo Stellari},
       DOI = {10.1112/S0010437X06002090},
       URL = {https://doi-org.proxyiub.uits.iu.edu/10.1112/S0010437X06002090},
}
@article {Bridgeland-Equivalences_of_triangulated,
    AUTHOR = {Bridgeland, Tom},
     TITLE = {Equivalences of triangulated categories and {F}ourier-{M}ukai
              transforms},
   JOURNAL = {Bull. London Math. Soc.},
  FJOURNAL = {The Bulletin of the London Mathematical Society},
    VOLUME = {31},
      YEAR = {1999},
    NUMBER = {1},
     PAGES = {25--34},
      ISSN = {0024-6093},
   MRCLASS = {18E30 (14J28)},
  MRNUMBER = {1651025},
MRREVIEWER = {Daniel Hern\'{a}ndez Ruip\'{e}rez},
       DOI = {10.1112/S0024609398004998},
       URL = {https://doi.org/10.1112/S0024609398004998},
}
@article {CanonacoStellari-Uniqueness_of_DG_enhancements,
    AUTHOR = {Canonaco, Alberto and Stellari, Paolo},
     TITLE = {Uniqueness of dg enhancements for the derived category of a
              {G}rothendieck category},
   JOURNAL = {J. Eur. Math. Soc. (JEMS)},
  FJOURNAL = {Journal of the European Mathematical Society (JEMS)},
    VOLUME = {20},
      YEAR = {2018},
    NUMBER = {11},
     PAGES = {2607--2641},
      ISSN = {1435-9855},
   MRCLASS = {14F05 (18E10 18E30)},
  MRNUMBER = {3861804},
MRREVIEWER = {Jon Eivind Vatne},
       DOI = {10.4171/JEMS/820},
       URL = {https://doi-org.proxyiub.uits.iu.edu/10.4171/JEMS/820},
}
@article {CanonacoStellari-FM_supported,
    AUTHOR = {Canonaco, Alberto and Stellari, Paolo},
     TITLE = {Fourier-{M}ukai functors in the supported case},
   JOURNAL = {Compos. Math.},
  FJOURNAL = {Compositio Mathematica},
    VOLUME = {150},
      YEAR = {2014},
    NUMBER = {8},
     PAGES = {1349--1383},
      ISSN = {0010-437X},
   MRCLASS = {14F05 (18E30)},
  MRNUMBER = {3252022},
MRREVIEWER = {Simone Marchesi},
       DOI = {10.1112/S0010437X13007872},
       URL = {https://doi.org/10.1112/S0010437X13007872},
}
@incollection {Catanese-Pluricanonical_gorenstein_curves,
    AUTHOR = {Catanese, Fabrizio},
     TITLE = {Pluricanonical {G}orenstein curves},
 BOOKTITLE = {Enumerative geometry and classical algebraic geometry ({N}ice,
              1981)},
    SERIES = {Progr. Math.},
    VOLUME = {24},
     PAGES = {51--95},
 PUBLISHER = {Birkh\"{a}user Boston, Boston, MA},
      YEAR = {1982},
   MRCLASS = {14H45 (14F10)},
  MRNUMBER = {685764},
MRREVIEWER = {Philippe Ellia},
}
		
@article {Favero-Reconstruction_and_finiteness,
    AUTHOR = {Favero, David},
     TITLE = {Reconstruction and finiteness results for {F}ourier-{M}ukai
              partners},
   JOURNAL = {Adv. Math.},
  FJOURNAL = {Advances in Mathematics},
    VOLUME = {230},
      YEAR = {2012},
    NUMBER = {4-6},
     PAGES = {1955--1971},
      ISSN = {0001-8708},
   MRCLASS = {14F05 (14F40 14K05 18E30)},
  MRNUMBER = {2927359},
MRREVIEWER = {Justin Sawon},
       DOI = {10.1016/j.aim.2012.03.025},
       URL = {https://doi-org.proxyiub.uits.iu.edu/10.1016/j.aim.2012.03.025},
}
@book {Hartshorne-Residues_and_Duality,
    AUTHOR = {Hartshorne, Robin},
     TITLE = {Residues and duality},
    SERIES = {Lecture notes of a seminar on the work of A. Grothendieck,
              given at Harvard 1963/64. With an appendix by P. Deligne.
              Lecture Notes in Mathematics, No. 20},
 PUBLISHER = {Springer-Verlag, Berlin-New York},
      YEAR = {1966},
     PAGES = {vii+423},
   MRCLASS = {14.55},
  MRNUMBER = {0222093},
MRREVIEWER = {R. L. Knighten},
}
@incollection {HilleVandenBergh-FM_transforms,
    AUTHOR = {Hille, Lutz and Van den Bergh, Michel},
     TITLE = {Fourier-{M}ukai transforms},
 BOOKTITLE = {Handbook of tilting theory},
    SERIES = {London Math. Soc. Lecture Note Ser.},
    VOLUME = {332},
     PAGES = {147--177},
 PUBLISHER = {Cambridge Univ. Press, Cambridge},
      YEAR = {2007},
   MRCLASS = {14F05 (16S38 18E30)},
  MRNUMBER = {2384610},
MRREVIEWER = {Ana Cristina L\'{o}pez-Mart\'{\i}n},
       DOI = {10.1017/CBO9780511735134.007},
       URL = {https://doi.org/10.1017/CBO9780511735134.007},
}
@book {Huybrechts-FM_transforms_in_algebraic_geometry,
    AUTHOR = {Huybrechts, D.},
     TITLE = {Fourier-{M}ukai transforms in algebraic geometry},
    SERIES = {Oxford Mathematical Monographs},
 PUBLISHER = {The Clarendon Press, Oxford University Press, Oxford},
      YEAR = {2006},
     PAGES = {viii+307},
      ISBN = {978-0-19-929686-6; 0-19-929686-3},
   MRCLASS = {14F05 (14-02 18E30)},
  MRNUMBER = {2244106},
MRREVIEWER = {Bal\'{a}zs Szendr\H{o}i},
       DOI = {10.1093/acprof:oso/9780199296866.001.0001},
       URL = {https://doi-org.proxyiub.uits.iu.edu/10.1093/acprof:oso/9780199296866.001.0001},
}
@misc{Karmazyn-Derived_categories_of_singular_surfaces,
Author = {{Karmazyn}, Joseph and {Kuznetsov}, Alexander and {Shinder}, Evgeny},
Title = {Derived categories of singular surfaces},
Year = {2018},
howpublished = {arXiv:1809.10628},
}
@article {Kawamata-D-equivalence_and_K-equivalence,
    AUTHOR = {Kawamata, Yujiro},
     TITLE = {{$D$}-equivalence and {$K$}-equivalence},
   JOURNAL = {J. Differential Geom.},
  FJOURNAL = {Journal of Differential Geometry},
    VOLUME = {61},
      YEAR = {2002},
    NUMBER = {1},
     PAGES = {147--171},
      ISSN = {0022-040X},
   MRCLASS = {14F05 (14E05 14E30 18E30)},
  MRNUMBER = {1949787},
MRREVIEWER = {Ana Jerem\'{\i}as L\'{o}pez},
       URL = {http://projecteuclid.org.proxyiub.uits.iu.edu/euclid.jdg/1090351323},
}
@misc{KawataniOkawa-Nonexistence,
    title={Nonexistence of semiorthogonal decompositions and sections of the canonical bundle},
    author={Kotaro Kawatani and Shinnosuke Okawa},
    year={2015},
    howpublished={arXiv:1508.00682},
}
@article {Kleiman-Relative_Duality,
    AUTHOR = {Kleiman, Steven L.},
     TITLE = {Relative duality for quasicoherent sheaves},
   JOURNAL = {Compositio Math.},
  FJOURNAL = {Compositio Mathematica},
    VOLUME = {41},
      YEAR = {1980},
    NUMBER = {1},
     PAGES = {39--60},
      ISSN = {0010-437X},
   MRCLASS = {14F20},
  MRNUMBER = {578050},
MRREVIEWER = {Zoghman Mebkhout},
       URL = {http://www.numdam.org/item?id=CM_1980__41_1_39_0},
}
@misc{Kovacs-Rational_singularities,
Author = {Sándor J Kovács},
Title = {Rational singularities},
Year = {2017},
howpublished = {arXiv:1703.02269},
}
@misc{Kuznetsov-Hochschild,
    title={Hochschild homology and semiorthogonal decompositions},
    author={Alexander Kuznetsov},
    year={2009},
    howpublished={arXiv:0904.4330},
}
@article {LuntsOrlov-Uniqueness_of_DG_enhancements,
    AUTHOR = {Lunts, Valery A. and Orlov, Dmitri O.},
     TITLE = {Uniqueness of enhancement for triangulated categories},
   JOURNAL = {J. Amer. Math. Soc.},
  FJOURNAL = {Journal of the American Mathematical Society},
    VOLUME = {23},
      YEAR = {2010},
    NUMBER = {3},
     PAGES = {853--908},
      ISSN = {0894-0347},
   MRCLASS = {14F05 (18E30)},
  MRNUMBER = {2629991},
MRREVIEWER = {Andrei D. Halanay},
       DOI = {10.1090/S0894-0347-10-00664-8},
       URL = {https://doi-org.proxyiub.uits.iu.edu/10.1090/S0894-0347-10-00664-8},
}
@article {LuntsSchnurer-New_enhancements_of_derived_categories,
    AUTHOR = {Lunts, Valery A. and Schn\"{u}rer, Olaf M.},
     TITLE = {New enhancements of derived categories of coherent sheaves and
              applications},
   JOURNAL = {J. Algebra},
  FJOURNAL = {Journal of Algebra},
    VOLUME = {446},
      YEAR = {2016},
     PAGES = {203--274},
      ISSN = {0021-8693},
   MRCLASS = {14F05 (18E30)},
  MRNUMBER = {3421093},
MRREVIEWER = {Pawel Sosna},
       DOI = {10.1016/j.jalgebra.2015.09.017},
       URL = {https://doi-org.proxyiub.uits.iu.edu/10.1016/j.jalgebra.2015.09.017},
}
@article {Martin-Fourier-mukai_partners_of_singular_genus_one_curves,
    AUTHOR = {L\'{o}pez Mart\'{\i}n, Ana Cristina},
     TITLE = {Fourier-{M}ukai partners of singular genus one curves},
   JOURNAL = {J. Geom. Phys.},
  FJOURNAL = {Journal of Geometry and Physics},
    VOLUME = {83},
      YEAR = {2014},
     PAGES = {36--42},
      ISSN = {0393-0440},
   MRCLASS = {14F05 (14H45)},
  MRNUMBER = {3217412},
MRREVIEWER = {Justin Sawon},
       DOI = {10.1016/j.geomphys.2014.05.011},
       URL = {https://doi-org.proxyiub.uits.iu.edu/10.1016/j.geomphys.2014.05.011},
}
@article {MartinPrieto-Derived_equivalences_and_kodaira_fibers,
    AUTHOR = {L\'{o}pez Mart\'{\i}n, Ana Cristina and Tejero Prieto, Carlos},
     TITLE = {Derived equivalences and {K}odaira fibers},
   JOURNAL = {J. Geom. Phys.},
  FJOURNAL = {Journal of Geometry and Physics},
    VOLUME = {122},
      YEAR = {2017},
     PAGES = {69--79},
      ISSN = {0393-0440},
   MRCLASS = {14F05 (14H52 18E25 18E30)},
  MRNUMBER = {3713873},
MRREVIEWER = {Marta P\'{e}rez Rodr\'{\i}guez},
       DOI = {10.1016/j.geomphys.2017.02.002},
       URL = {https://doi-org.proxyiub.uits.iu.edu/10.1016/j.geomphys.2017.02.002},
}	

@article{Mukai-Duality_and_picard_sheaves,
author = "Mukai, Shigeru",
fjournal = "Nagoya Mathematical Journal",
journal = "Nagoya Math. J.",
pages = "153--175",
publisher = "Nagoya Mathematical Journal",
title = "Duality between {$\D(X)$} and {$\D(\hat X)$} with its application to Picard sheaves",
url = "https://projecteuclid.org:443/euclid.nmj/1118786312",
volume = "81",
year = "1981"
}
@article {Neeman-Grothendieck_duality_via_Brown_representability,
    AUTHOR = {Neeman, Amnon},
     TITLE = {The {G}rothendieck duality theorem via {B}ousfield's
              techniques and {B}rown representability},
   JOURNAL = {J. Amer. Math. Soc.},
  FJOURNAL = {Journal of the American Mathematical Society},
    VOLUME = {9},
      YEAR = {1996},
    NUMBER = {1},
     PAGES = {205--236},
      ISSN = {0894-0347},
   MRCLASS = {18E30 (14F05)},
  MRNUMBER = {1308405},
MRREVIEWER = {Luca Barbieri Viale},
       DOI = {10.1090/S0894-0347-96-00174-9},
       URL = {https://doi-org.proxyiub.uits.iu.edu/10.1090/S0894-0347-96-00174-9},
}
@article{Neeman-Connection_between_Ktheory_localization_and_smashing_subcategories,
     author = {Neeman, Amnon},
     title = {The connection between the $K$-theory localization theorem of Thomason, Trobaugh and Yao and the smashing subcategories of Bousfield and Ravenel},
     journal = {Annales scientifiques de l'\'Ecole Normale Sup\'erieure},
     publisher = {Elsevier},
     volume = {Ser. 4, 25},
     number = {5},
     year = {1992},
     pages = {547-566},
     doi = {10.24033/asens.1659},
     zbl = {0868.19001},
     mrnumber = {93k:18015},
     language = {en},
     url = {http://www.numdam.org/item/ASENS_1992_4_25_5_547_0}
}
@article {Rizzardo-Adjoints_for_FM,
    AUTHOR = {Rizzardo, Alice},
     TITLE = {Adjoints to a {F}ourier-{M}ukai functor},
   JOURNAL = {Adv. Math.},
  FJOURNAL = {Advances in Mathematics},
    VOLUME = {322},
      YEAR = {2017},
     PAGES = {83--96},
      ISSN = {0001-8708},
   MRCLASS = {14F05 (14A22 18E30)},
  MRNUMBER = {3720794},
MRREVIEWER = {Scott R. Nollet},
       DOI = {10.1016/j.aim.2017.10.015},
       URL = {https://doi.org/10.1016/j.aim.2017.10.015},
}
@book {Roberts-Multiplicities_and_Chern_classes,
    AUTHOR = {Roberts, Paul C.},
     TITLE = {Multiplicities and {C}hern classes in local algebra},
    SERIES = {Cambridge Tracts in Mathematics},
    VOLUME = {133},
 PUBLISHER = {Cambridge University Press, Cambridge},
      YEAR = {1998},
     PAGES = {xii+303},
      ISBN = {0-521-47316-0},
   MRCLASS = {13D22 (13H15 14C17)},
  MRNUMBER = {1686450},
MRREVIEWER = {Hans-Bj\o rn Foxby},
       DOI = {10.1017/CBO9780511529986},
       URL = {https://doi-org.proxyiub.uits.iu.edu/10.1017/CBO9780511529986},
}
@article {Ruiperez-Relative_integral_functor_for_singular_fibrations_and_partners,
    AUTHOR = {Hern\'{a}ndez Ruip\'{e}rez, Daniel and L\'{o}pez Mart\'{\i}n, Ana Cristina and
              Sancho de Salas, Fernando},
     TITLE = {Relative integral functors for singular fibrations and
              singular partners},
   JOURNAL = {J. Eur. Math. Soc. (JEMS)},
  FJOURNAL = {Journal of the European Mathematical Society (JEMS)},
    VOLUME = {11},
      YEAR = {2009},
    NUMBER = {3},
     PAGES = {597--625},
      ISSN = {1435-9855},
   MRCLASS = {14F05 (14E30 14M05 18E30)},
  MRNUMBER = {2505443},
MRREVIEWER = {Annette Huber},
       DOI = {10.4171/JEMS/162},
       URL = {https://doi-org.proxyiub.uits.iu.edu/10.4171/JEMS/162},
}
@article {Ruiperez-Fourier-Mukai_transforms_for_Gorenstein_schemes,
    AUTHOR = {Hern\'{a}ndez Ruip\'{e}rez, Daniel and L\'{o}pez Mart\'{\i}n, Ana Cristina and
              de Salas, Fernando Sancho},
     TITLE = {Fourier-{M}ukai transforms for {G}orenstein schemes},
   JOURNAL = {Adv. Math.},
  FJOURNAL = {Advances in Mathematics},
    VOLUME = {211},
      YEAR = {2007},
    NUMBER = {2},
     PAGES = {594--620},
      ISSN = {0001-8708},
   MRCLASS = {14F05 (14E30 14M05 18E30)},
  MRNUMBER = {2323539},
MRREVIEWER = {Justin Sawon},
       DOI = {10.1016/j.aim.2006.09.006},
       URL = {https://doi-org.proxyiub.uits.iu.edu/10.1016/j.aim.2006.09.006},
}
@article {Rouquier-Dimensions_of_triangulated_categories,
    AUTHOR = {Rouquier, Rapha\"{e}l},
     TITLE = {Dimensions of triangulated categories},
   JOURNAL = {J. K-Theory},
  FJOURNAL = {Journal of K-Theory. K-Theory and its Applications in Algebra,
              Geometry, Analysis \& Topology},
    VOLUME = {1},
      YEAR = {2008},
    NUMBER = {2},
     PAGES = {193--256},
      ISSN = {1865-2433},
   MRCLASS = {18E30 (14F05)},
  MRNUMBER = {2434186},
MRREVIEWER = {Ioannis Emmanouil},
       DOI = {10.1017/is007011012jkt010},
       URL = {https://doi-org.proxyiub.uits.iu.edu/10.1017/is007011012jkt010},
}
@article {Okawa-semiorthogonal_decomposability_of_curves,
    AUTHOR = {Okawa, Shinnosuke},
     TITLE = {Semi-orthogonal decomposability of the derived category of a
              curve},
   JOURNAL = {Adv. Math.},
  FJOURNAL = {Advances in Mathematics},
    VOLUME = {228},
      YEAR = {2011},
    NUMBER = {5},
     PAGES = {2869--2873},
      ISSN = {0001-8708},
   MRCLASS = {14F05 (14E30 14H99)},
  MRNUMBER = {2838062},
MRREVIEWER = {Andrei D. Halanay},
       DOI = {10.1016/j.aim.2011.06.043},
       URL = {https://doi.org/10.1016/j.aim.2011.06.043},
}
@incollection {Orlov-Equivalences_and_K3_surfaces,
    AUTHOR = {Orlov, D. O.},
     TITLE = {Equivalences of derived categories and {$K3$} surfaces},
      NOTE = {Algebraic geometry, 7},
   JOURNAL = {J. Math. Sci. (New York)},
  FJOURNAL = {Journal of Mathematical Sciences (New York)},
    VOLUME = {84},
      YEAR = {1997},
    NUMBER = {5},
     PAGES = {1361--1381},
      ISSN = {1072-3374},
   MRCLASS = {14J28 (14F05 18E30)},
  MRNUMBER = {1465519},
MRREVIEWER = {Jong Hae Keum},
       DOI = {10.1007/BF02399195},
       URL = {https://doi-org.proxyiub.uits.iu.edu/10.1007/BF02399195},
}
@article {SalasSalas-Reconstruction_from_the_derived_category,
    AUTHOR = {Sancho de Salas, Carlos and Sancho de Salas, Fernando},
     TITLE = {Reconstructing schemes from the derived category},
   JOURNAL = {Proc. Edinb. Math. Soc. (2)},
  FJOURNAL = {Proceedings of the Edinburgh Mathematical Society. Series II},
    VOLUME = {55},
      YEAR = {2012},
    NUMBER = {3},
     PAGES = {781--796},
      ISSN = {0013-0915},
   MRCLASS = {14F05},
  MRNUMBER = {2975253},
MRREVIEWER = {Parker E. Lowrey},
       DOI = {10.1017/S0013091510000076},
       URL = {https://doi-org.proxyiub.uits.iu.edu/10.1017/S0013091510000076},
}
@incollection {ThomasonTrobaugh-Higher_K_theory,
    AUTHOR = {Thomason, R. W. and Trobaugh, Thomas},
     TITLE = {Higher algebraic {$K$}-theory of schemes and of derived
              categories},
 BOOKTITLE = {The {G}rothendieck {F}estschrift, {V}ol. {III}},
    SERIES = {Progr. Math.},
    VOLUME = {88},
     PAGES = {247--435},
 PUBLISHER = {Birkh\"{a}user Boston, Boston, MA},
      YEAR = {1990},
   MRCLASS = {19E08 (14C35 19D10)},
  MRNUMBER = {1106918},
MRREVIEWER = {Charles Weibel},
       DOI = {10.1007/978-0-8176-4576-2_10},
       URL = {https://doi-org.proxyiub.uits.iu.edu/10.1007/978-0-8176-4576-2_10},
}
@misc{stacks-project,
  author       = {The {Stacks project authors}},
  title        = {The Stacks project},
  howpublished = {\url{https://stacks.math.columbia.edu}},
  year         = {2019},
}
@article {Orlov-Equivalences_of_abelian_varieties,
    AUTHOR = {Orlov, D. O.},
     TITLE = {Derived categories of coherent sheaves on abelian varieties
              and equivalences between them},
   JOURNAL = {Izv. Ross. Akad. Nauk Ser. Mat.},
  FJOURNAL = {Rossi\u{\i}skaya Akademiya Nauk. Izvestiya. Seriya
              Matematicheskaya},
    VOLUME = {66},
      YEAR = {2002},
    NUMBER = {3},
     PAGES = {131--158},
      ISSN = {1607-0046},
   MRCLASS = {14F05 (14K10 18E30)},
  MRNUMBER = {1921811},
MRREVIEWER = {Alexander E. Polishchuk},
       DOI = {10.1070/IM2002v066n03ABEH000389},
       URL = {https://doi.org/10.1070/IM2002v066n03ABEH000389},
}
@article {Orlov-Triangulated_cats_of_singularities,
    AUTHOR = {Orlov, D. O.},
     TITLE = {Triangulated categories of singularities, and equivalences
              between {L}andau-{G}inzburg models},
   JOURNAL = {Mat. Sb.},
  FJOURNAL = {Matematicheski\u{\i} Sbornik},
    VOLUME = {197},
      YEAR = {2006},
    NUMBER = {12},
     PAGES = {117--132},
      ISSN = {0368-8666},
   MRCLASS = {14D21 (14B05 14F05 18E30)},
  MRNUMBER = {2437083},
MRREVIEWER = {Vasile Br\^{\i}nz\u{a}nescu},
       DOI = {10.1070/SM2006v197n12ABEH003824},
       URL = {https://doi.org/10.1070/SM2006v197n12ABEH003824},
}
@book {Ward-Arithemtic_Calabi_Yau,
    AUTHOR = {Ward, Matthew},
     TITLE = {Arithmetic {P}roperties of the {D}erived {C}ategory for
              {C}alabi-{Y}au {V}arieties},
      NOTE = {Thesis (Ph.D.)--University of Washington},
 PUBLISHER = {ProQuest LLC, Ann Arbor, MI},
      YEAR = {2014},
     PAGES = {112},
      ISBN = {978-1321-11198-9},
   MRCLASS = {Thesis},
  MRNUMBER = {3271876},
       URL =
              {http://gateway.proquest.com/openurl?url_ver=Z39.88-2004&rft_val_fmt=info:ofi/fmt:kev:mtx:dissertation&res_dat=xri:pqm&rft_dat=xri:pqdiss:3631989},
}
@misc{LinPomerleano-Global_matrix_factorizations,
      title={Global matrix factorizations}, 
      author={Kevin H. Lin and Daniel Pomerleano},
      year={2013},
      eprint={1101.5847},
      archivePrefix={arXiv},
      primaryClass={math.AG}
}
@misc{KalckPavicShinder-Obstructions_semiorthgonal,
      title={Obstructions to semiorthogonal decompositions for singular threefolds I: K-theory}, 
      author={Martin Kalck and Nebojsa Pavic and Evgeny Shinder},
      year={2020},
      eprint={1910.09531},
      archivePrefix={arXiv},
      primaryClass={math.AG}
}
@article{Kuznetsov-HPD,
     author = {Kuznetsov, Alexander},
     title = {Homological projective duality},
     journal = {Publications Math\'ematiques de l'IH\'ES},
     publisher = {Springer},
     volume = {105},
     year = {2007},
     pages = {157-220},
     doi = {10.1007/s10240-007-0006-8},
     zbl = {1131.14017},
     mrnumber = {2354207},
     language = {en},
     url = {http://www.numdam.org/item/PMIHES_2007__105__157_0}
}
@article{An-Rigid_geometric,
     author = {An, Jinpeng},
     title = {Rigid geometric structures, isometric actions, and algebraic quotients},
     journal = {Geom Dedicata},
     publisher = {Springer},
     volume = {157},
     year = {2012},
     pages = {153–185},
     doi = {10.1007/s10711-011-9603-2},
}
@book {Hartshorne-AG,
    AUTHOR = {Hartshorne, Robin},
     TITLE = {Algebraic geometry},
      NOTE = {Graduate Texts in Mathematics, No. 52},
 PUBLISHER = {Springer-Verlag},
   ADDRESS = {New York},
      YEAR = {1977},
     PAGES = {xvi+496},
      ISBN = {0-387-90244-9},
   MRCLASS = {14-01},
  MRNUMBER = {MR0463157 (57 \#3116)},
MRREVIEWER = {Robert Speiser},
}
@article{Kuznetsov-rationality,
   title={Derived Categories View on Rationality Problems},
   ISBN={9783319462097},
   ISSN={1617-9692},
   url={http://dx.doi.org/10.1007/978-3-319-46209-7_3},
   DOI={10.1007/978-3-319-46209-7_3},
   journal={Rationality Problems in Algebraic Geometry},
   publisher={Springer International Publishing},
   author={Kuznetsov, Alexander},
   year={2016},
   pages={67–104}
}

@misc{Lin-nonexistence_of_SODs,
      title={On nonexistence of semi-orthogonal decompositions in algebraic geometry}, 
      author={Xun Lin},
      year={2021},
      eprint={2107.09564},
      archivePrefix={arXiv},
      primaryClass={math.AG}
}
@ARTICLE{BondalKapranov-representable_functors,
       author = {{Bondal}, A.~I. and {Kapranov}, M.~M.},
        title = "{Representable Functors, Serre Functors, and Mutations}",
      journal = {Izvestiya: Mathematics},
         year = 1990,
        month = jun,
       volume = {35},
       number = {3},
        pages = {519-541},
          doi = {10.1070/IM1990v035n03ABEH000716},
       adsurl = {https://ui.adsabs.harvard.edu/abs/1990IzMat..35..519B},
      adsnote = {Provided by the SAO/NASA Astrophysics Data System}
}
@article {Bondal-Quivers,
    AUTHOR = {Bondal, A. I.},
     TITLE = {Representations of associative algebras and coherent sheaves},
   JOURNAL = {Izv. Akad. Nauk SSSR Ser. Mat.},
  FJOURNAL = {Izvestiya Akademii Nauk SSSR. Seriya Matematicheskaya},
    VOLUME = {53},
      YEAR = {1989},
    NUMBER = {1},
     PAGES = {25--44},
      ISSN = {0373-2436},
   MRCLASS = {14F05},
  MRNUMBER = {992977},
MRREVIEWER = {Michael M. Kapranov},
       DOI = {10.1070/IM1990v034n01ABEH000583},
       URL = {https://doi.org/10.1070/IM1990v034n01ABEH000583},
}
}
@misc{Kawamata-birational,
      title={Birational geometry and derived categories}, 
      author={Yujiro Kawamata},
      year={2017},
      eprint={1710.07370},
      archivePrefix={arXiv},
      primaryClass={math.AG},
      howpublished = {arXiv:1710.07370}
}
@article{Hartshorne-Generalized_divisors,
author = "Hartshorne, Robin",
doi = "10.1215/kjm/1250520873",
fjournal = "Journal of Mathematics of Kyoto University",
journal = "J. Math. Kyoto Univ.",
number = "3",
pages = "375--386",
publisher = "Duke University Press",
title = "Generalized divisors on Gorenstein curves and a theorem of Noether",
url = "https://doi.org/10.1215/kjm/1250520873",
volume = "26",
year = "1986"
}
@article{Spence-Reconstruction,
author = {Dylan Spence},
title = {{Reconstruction of Projective Curves from the Derived Category}},
journal = {Michigan Mathematical Journal},
publisher = {University of Michigan, Department of Mathematics},
pages = {1 -- 24},
year = {2021},
doi = {10.1307/mmj/20205910},
URL = {https://doi.org/10.1307/mmj/20205910}
}
@misc{Spence-Indecomposability,
    title={A note on semiorthogonal indecomposability of some {C}ohen-{M}acaulay varieties},
    author={Dylan Spence},
    year={2021},
    howpublished={arXiv:2104.13331},
}